@Book{Mitt95:Latex,
  author    = {Frank Mittelbach, Michel Goosens},
  publisher = {Addison Wesley},
  title     = {The LaTeX Companion},
  year      = {1995},
  note      = {ISBN 76576576778},
  groups    = {LaTeX},
}

@Book{Jahn03:EntwicklungPM,
  author    = {Jessica Jahn},
  publisher = {Hochschule Merseburg},
  title     = {{Die Entwicklung und Bedeutung des Personalmanagements}},
  year      = {2003},
  note      = {ISBN 9783638236102},
  groups    = {Personalmanagement},
}

@Article{personio:PersoManagement,
  author  = {Personio},
  journal = {Personio.de},
  title   = {{Personalmanagement: Definition, Aufgaben und Best Practices}},
  year    = {2024},
  groups  = {Personalmanagement},
  url     = {https://www.personio.de/hr-lexikon/personalmanagement/},
}

@Article{lernort-mint:PMBedeutungZiele,
  author  = {Lernort Mint},
  journal = {Lernort-mint.de},
  title   = {{Definition und Bedeutung des Personalmanagements}},
  year    = {2024},
  groups  = {Personalmanagement},
  url     = {https://www.lernort-mint.de/wirtschaftswissenschaften/bwl/personalmanagement/},
}

@Article{Haufe2016,
  author  = {Online Redaktion Haufe},
  journal = {Haufe.de},
  title   = {{Die kleine Geschichte des Personalwesens}},
  year    = {2016},
  groups  = {Personalmanagement},
  url     = {https://www.haufe.de/personal/hr-management/infografik-eine-kleine-geschichtedes-des-personalwesens_80_378690.html},
}

@Article{bwllexikon2024,
  author  = {BWL-Lexikon},
  journal = {Bwl-lexikon.de},
  title   = {{Personalplanung}},
  year    = {2024},
  groups  = {Personalmanagement},
  url     = {https://www.bwl-lexikon.de/wiki/personalplanung/#personalfreisetzungsplanung},
}

@Misc{Studyflix2024,
  author  = {Studyflix},
  title   = {{Personalbeschaffung}},
  year    = {2024},
  groups  = {Personalmanagement},
  journal = {Studyflix.de},
  url     = {https://studyflix.de/jobs/karriere-tipps/personalbeschaffung-6689},
}

@Article{Bartscher2021,
  author  = {Thomas Bartscher, Regina Nissen},
  journal = {Wirtschaftslexikon Gabler},
  title   = {{Personalentwicklung}},
  year    = {2021},
  file    = {Definition, Ziele und Funktionszyklus systematischer Personalentwicklung:C\:/Users/asa06/Downloads/Personalentwicklung.pdf:PDF:https\://wirtschaftslexikon.gabler.de/definition/personalentwicklung-52604/version-384860},
  groups  = {Personalmanagement},
  url     = {https://wirtschaftslexikon.gabler.de/definition/personalentwicklung-52604/version-384860},
}

@Misc{Striegel2023,
  author       = {Johannes Striegel},
  howpublished = {"\url{https://www.wirtschaftswissen.de/personalmanagement/personalentwicklung/personalbeurteilung/}"},
  note         = {Zugriff am 08-05-2024},
  title        = {{Mitarbeiterbeurteilung: Definition, Ziele, Formen, Kriterien}},
  groups       = {Personalmanagement},
  journal      = {Wirtschaftswissen.de},
}

@Misc{Latex,
  author       = {Tutorial Latex},
  howpublished = {"\url{https://latex-tutorial.com/tutorials/bibtex/#Styles}"},
  note         = {Zugriff am 08.05.2024},
  title        = {Bibliography in LaTeX with Bibtex/Biblatex},
  groups       = {LaTeX},
}

@Comment{jabref-meta: databaseType:bibtex;}

@Comment{jabref-meta: grouping:
0 AllEntriesGroup:;
1 StaticGroup:LaTeX\;0\;0\;0x6090bfff\;BIRD\;Dokumentation, Bücher, Links, etc. als Hilfestellung für die Arbeit mit LaTeX\;;
1 StaticGroup:Personalmanagement\;0\;1\;0xbf8f60ff\;PERSON_SQUARE\;Theorie zum Personalmanagement im Unternehmen und Organisationen\;;
}
